@article{du2021regulating,
  author = {Du, F. and Liu, YQ. and Xu, YS. and others},
  title = {Regulating the T7 RNA polymerase expression in {E}. coli BL21 ({DE}3) to provide more host options for recombinant protein production},
  journal = {Microbial Cell Factories},
  volume = {20},
  number = {1},
  year = {2021},
  doi = {10.1186/s12934-021-01680-6},
  url = {https://doi.org/10.1186/s12934-021-01680-6}
}

@article{Sockolosky2013,
  author = {Sockolosky, J. T. and Szoka, F. C.},
  title = {Periplasmic production via the pET expression system of soluble, bioactive human growth hormone},
  journal = {Protein Expression and Purification},
  year = {2013},
  volume = {87},
  number = {2},
  doi = {10.1016/j.pep.2012.11.002},
  url = {https://doi.org/10.1016/j.pep.2012.11.002},
  pmid = {23168094},
  pmcid = {PMC3537859},
  eprint = {2012 Nov 17},
}

@article{Kaczanowska2007,
  author = {Kaczanowska, M. and Rydén-Aulin, M.},
  title = {Ribosome biogenesis and the translation process in \textit{Escherichia coli}},
  journal = {Microbiology and Molecular Biology Reviews},
  year = {2007},
  volume = {71},
  number = {3},
  doi = {10.1128/MMBR.00013-07},
  url = {https://doi.org/10.1128/MMBR.00013-07},
  pmid = {17804668},
  pmcid = {PMC2168646},
}

@article{Munafo2016,
  author = {Munafó, D. B. and Langhorst, B. W. and Chater, C. L. and Sumner, C. J. and Rodríguez, D. N. and Russello, S. and Gardner, A. F. and Slatko, B. E. and Stewart, F. J. and Sinicropi, D. and Morlan, J. and Qu, K. and Dimalanta, E. T. and Davis, T. B.},
  title = {Selective Depletion of Abundant RNAs to Enable Transcriptome Analysis of Low-Input and Highly Degraded Human RNA},
  journal = {Current Protocols in Molecular Biology},
  year = {2016},
  volume = {113},
  number = {1},
  doi = {10.1002/0471142727.mb0722s113},
  url = {https://doi.org/10.1002/0471142727.mb0722s113},
  pmid = {31773915},
}

@article{poovakka2018quality,
  title={Quality affecting factors of RNA--its assessment and influence on PCR Reactions},
  author={Poovakka, Sheethel Kunnath and Ramadas, Durga and Ramadas, Gouri and VG, Deepak Roshan},
  journal={International Journal of Scientific Research in Biological Sciences},
  volume={5},
  number={6},
  year={2018}
}

@misc{Schillberg2025,
  author = {Schillberg, Prof. and Mitarbeiter},
  title = {Skript zum Molekularen Biotechnologie Praktikum},
  year = {2025},
  note = {03. Februar bis 21. Februar 2025},
  howpublished = {Institut für Molekulare Biotechnologie, RWTH Aachen University, Worringer Weg 1, 52074 Aachen},
}

@article{linton2012translocation,
  title={Translocation of green fluorescent protein by comparative analysis with multiple signal peptides},
  author={Linton, Elisabeth and Walsh, Marie K and Sims, Ronald C and Miller, Charles D},
  journal={Biotechnology Journal},
  volume={7},
  number={5},
  year={2012},
  publisher={Wiley Online Library}
}